%% It is just an empty TeX file.
%% Write your code here.

@ARTICLE {Yangetal14,
    author  = "Yang, S. and H. Shen and J. Meng and Z. Shen",
    title   = "{A Fixed-point Iteration Algorithm for Robust Kernel Principal Component Analysis}",
    journal = "J. Comput. Inf. Syst.",
    year    = "1999",
    volume  = "10",
    number  = "17",
    pages   = "7489-7497",
    month   = "sep"
}

@ARTICLE {Mikaetal99,
    author  = {Mika, S. and B. Sch\"{o}lkopf and A. Smola and K.R. M\"{u}ller and M. Scholz and G. R\"{a}tsch},
    title   = "{Kernel PCA and De-Noising in Feature Spaces}",
    journal = "Adv. Neural Inf. Process. Syst.",
    year    = "1999",
    pages   = "536-542"
}

@article{zuo00,
        author={Zuo, Y. and R. Serfling},
	title={General notions of statistical depth functions},
	journal={Ann. Statist.},
	volume={28-2},
	year = {2000},
	pages = {461-482}
}

@article{taskinen12,
        author={Taskinen, S. and I. Koch and H. Oja},
	title={Robustifying principal component analysis with spatial sign vectors},
	journal={Statist. and Prob. Lett.},
	volume={82},
	year = {2012},
	pages = {765-774}
}

@article{hubert05,
        author={Hubert, M. and P. J. Rousseeuw and K. V. Branden},
	title={{ROBPCA}: {A} {N}ew {A}pproach to {R}obust {P}rincipal {C}omponent {A}nalysis},
	journal={Technometrics},
	volume={47-1},
	year = {2005},
	pages = {64-79}
}

@MANUAL {nvidia,
    title        = "Image {D}enoising",
    author       = "Kharlamov, A. and V. Podlozhnyuk",
    organization = "NVIDIA",
    month        = "Jun",
    year         = "2007",
    note         = "v1.0: \url{http://developer.download.nvidia.com/compute/cuda/1.1-Beta/x86_website/projects/imageDenoising/doc/imageDenoising.pdf}"
}

@ARTICLE {KimFranzSchol05,
    author  = {Kim, K. I. and M. O. Franz and B. Sch\"{o}lkopf},
    title   = "{Iterative Kernel Principal Component Analysis for Image Modeling}",
    journal = "{IEEE Trans. Pattern Anal. Mach. Intell.}",
    year    = "2005",
    volume  = "27",
    number  = "9",
    pages   = "1351-1366"
}

@INCOLLECTION {OzawaTakeuchiAbe10,
    author    = "Ozawa, S. and Y. Takeuchi and S. Abe",
    title     = "{A Fast Incremental Kernel Principal Component Analysis for Online Feature Extraction}",
    booktitle = "{PRICAI 2010: Trends in Artificial Intelligence}",
    publisher = "Springer",
    year      = "2010",
    volume    = "6230",
    series    = "{Lecture Notes in Computer Science}",
    pages     = "487-497"
}

@INPROCEEDINGS {Ouahabi13,
    author    = "A. Ouahabi",
    title     = "A review of wavelet denoising in medical imaging",
    booktitle = "Signal {P}rocessing and their {A}pplications ({WoSSPA}), 2013 8th {I}nternational {W}orkshop on {S}ystems",
    year      = "2013",
    pages     = "19-26",
    publisher = "IEEE"
}

@INCOLLECTION {YeMohamadian,
    author    = "Ye, Z. and H. Mohamadian",
    title     = "Digital {I}mage {P}rocessing for {S}patial {O}bject {R}ecognition via {I}ntegration of {N}onlinear {W}avelet-{B}ased {D}enoising and {C}lustering-{B}ased {S}egmentation",
    booktitle = "Advances in {S}patial {D}ata {H}andling and {GIS}: 14th {I}nternational {S}ymposium on {S}patial {D}ata {H}andling",
    publisher = "Springer",
    year      = "2012",
    editor    = "Shi, W. and A. G. O. Yeh and Y. Leung and C. Zhou",
    series    = "Lecture {N}otes in {G}eoinformation and {C}artography"
}

@article{magyar14,
        author={Magyar, A.F. and D.E. Tyler},
        title={The asymptotic inadmissibility of the spatial sign covariance matrix for elliptically symmetric distributions},
        journal={Biometrika},
        volume={101},
        year = {2014},
        pages = {673-688}
}

@Article{Qiuetal04, 
  author =  "Qiu, F. and J. Berglund and J. R. Jensen and P. Thakkar and D. Ren", 
  title =   "Speckle {N}oise {R}eduction in {SAR} {I}magery {U}sing a {L}ocal {A}daptive {M}edian {F}ilter", 
  journal = "GISci. Remote Sens.", 
  year =  2004, 
  volume = 41, 
  number = 3, 
  pages= "244-266"
}

@Article{KwokTsang03, 
  author =  "Kwok, J. T. and I. W. Tsang", 
  title =   "The {P}re-{I}mage {P}roblem in {K}ernel {M}ethods", 
  journal = "IEEE Trans. Neural Net.", 
  year =  2004, 
  volume = 15, 
  number = 6, 
  pages= "1517-1525"
}

@Article{GeBeKr01, 
  author =  "Georghiades, A.S. and Belhumeur, P.N. and Kriegman, D.J.", 
  title =   "From {F}ew to {M}any: {I}llumination {C}one {M}odels for {F}ace {R}ecognition under 
               {V}ariable {L}ighting and {P}ose", 
  journal = "IEEE Trans. Pattern Anal. Mach. Intell.", 
  year =  2001, 
  volume = 23, 
  number = 6, 
  pages= "643-660"
}

@Article{KCLee05, 
  author =  "K.C. Lee and J. Ho and D. Kriegman", 
  title =   "{A}cquiring {L}inear {S}ubspaces for {F}ace {R}ecognition under {V}ariable {L}ighting", 
  journal = "IEEE Trans. Pattern Anal. Mach. Intell.", 
  year =  2005, 
  volume = 27, 
  number = 5, 
  pages= "684-698"
}

@INBOOK {Scholkopf99,
    author    = {Sch\"{o}lkopf, B. and A. Smola and K.-R. M\"{u}ller},
    title     = "Kernel principal component analysis",
    chapter   = "Advances in {K}ernel {M}ethods {S}upport {V}ector {L}earning",
    publisher = "MIT Press",
    year      = "1999",
    pages   = "327-352"
}

@ARTICLE {Paindaveine13,
    author  = "Paindaveine, D. and G. {Van Bever}",
    title   = "From Depth to Local Depth: A Focus on Centrality",
    journal = "J. Amer. Stat. Assoc.",
    year    = "2013",
    volume  = "108",
    number  = "503",
    pages   = "1105-1119"
}

@UNPUBLISHED {Majumdar15,
    author = "Majumdar, S. and S. Chatterjee",
    title  = "Robust estimation of principal components from depth-based multivariate rank covariance matrix",
    note   = "\url{http://arxiv.org/abs/1502.07042}",
    year    = "2015"
}

@ARTICLE {Chen09,
    author  = "Chen, Y. and X. Dang and H. Peng and H. L. {Bart Jr.}",
    title   = "Outlier {D}etection with the {K}ernelized {S}patial {D}epth {F}unction",
    journal = "IEEE Trans. Pattern Anal. Mach. Intell.",
    year    = "2009",
    volume  = "31",
    number  = "2",
    pages   = "288-305"
}

@article{Liu90,
       author={Liu, R.Y.},
       title={On a notion of data depth based on random simplices},
       journal={Ann. Statist.},
       volume={18},
       year = {1990},
       pages = {405-414}
}

@ARTICLE {DeBruyne10,
    author  = "Debruyne, M. and M. Hubert and J. Van Horebeek",
    title   = "Detecting {I}nfluential {O}bservations in {K}ernel {PCA}",
    journal = "Comput. Stat. Data An.",
    year    = "2010",
    volume  = "54",
    number  = "12",
    pages   = "3007-3019"
}
